@article{designimplentationcc,
author = {Chen, Yung-Yao and Lin, Yu-Hsiu and Kung, Chia-Ching and Chung, Ming-Han and Yen, I-Hsuan},
year = {2019},
month = {05},
title = {Design and Implementation of Cloud Analytics-Assisted Smart Power Meters Considering Advanced Artificial Intelligence as Edge Analytics in Demand-Side Management for Smart Homes},
journal = {Sensors},
doi = {10.3390/s19092047}
}
@article{perceptronprobabmodel,
author = {Rosenblatt, F},
year = {1958},
pages = {2047},
title = {The Perceptron: A Probabilistic ModelFor Information Storage And Organization In The Brain},
journal = {Psychological Re-view},
doi = {0.1037/h0042519}
}
@online{neural2016krishtopa,
	title={What Are Neural Networks, Why They Are So Popular And What Problems Can Solve},
	author={Krishtopa},
	year={2016},
	url={https://steemit.com/academia/@krishtopa/what-are-neural-networks-why-they-are-so-popular-and-what-problems-can-solve},
	urldate = {2020-03-23}
}
@book{bengio2017deep,
  title={Deep learning},
  author={Bengio, Yoshua and Goodfellow, Ian and Courville, Aaron},
  volume={1},
  year={2017},
  pages={166--485},
  publisher={Citeseer},
  ISBN={0262035618}
}

@book{nndl2015michaelnielsen,
	title={Neural Networks and Deep Learning},
	author={Michael A. Nielsen},
	year={2015},
	publisher  = {Determination Press}
}

@book{rojas2013neural,
  title={Neural networks: a systematic introduction},
  author={Rojas, Ra{\'u}l},
  year={2013},
  pages={37--99},
  publisher={Springer Science \& Business Media},
  ISBN = {9783642610684}
}

@book{leskovec2020mining,
  title={Mining of massive data sets},
  author={Leskovec, Jure and Rajaraman, Anand and Ullman, Jeffrey David},
  pages={523--569},
  year={2020},
  publisher={Cambridge university press},
  ISBN = {9781108476348}
}

 @online{7typesactivationfunctions,
	title={6 Types of Artificial Neural Networks Currently Being Used in ML},
	url={https://analyticsindiamag.com/6-types-of-artificial-neural-networks-currently-being-used-in-todays-technology/},
	journal={Analytics India Magazine},
	author={Maladkar, Kishan}
} 
@article{lipton2015critical,
  title={A critical review of recurrent neural networks for sequence learning},
  author={Lipton, Zachary C and Berkowitz, John and Elkan, Charles},
  journal={arXiv preprint arXiv:1506.00019},
  pages={5--25},
  year={2015},
  url = {https://arxiv.org/pdf/1506.00019.pdf},
  urldate = {2019-12-20},
  ISSN = {2331-8422}
}

 @online{6typeann,
  title={6 Types of Artificial Neural Networks Currently Being Used in ML},
  url={https://analyticsindiamag.com/6-types-of-artificial-neural-networks-currently-being-used-in-todays-technology/},
  journal={Analytics India Magazine},
  author={Maladkar, Kishan}
  } 

@online{mainTypesANN,
	title={Main Types of Neural Networks and its Applications - Tutorial},
	url={https://medium.com/towards-artificial-intelligence/main-types-of-neural-networks-and-its-applications-tutorial-734480d7ec8e},
	journal={Medium},
	publisher={Towards AI},
	author={Team, Towards AI},
	year={2020},
	month={Aug}
} 

 @online{birlliantbackprop,
  title={Backpropagation},
  url={https://brilliant.org/wiki/backpropagation/},
  journal={Brilliant Math & Science Wiki},
  } 

@book{Goodfellow-et-al-2016,
    title={Deep Learning},
    author={Ian Goodfellow and Yoshua Bengio and Aaron Courville},
    publisher={MIT Press},
    note={\url{http://www.deeplearningbook.org}},
    year={2016}
}

 @online{mathworkscnn,
  title={Convolutional Neural Network},
  url={https://www.mathworks.com/solutions/deep-learning/convolutional-neural-network.html},
  journal={MathWorks},
  } 

@online{compguideCnn,
	title={A Comprehensive Guide to Convolutional Neural Networks - the ELI5 way},
	url={https://towardsdatascience.com/a-comprehensive-guide-to-convolutional-neural-networks-the-eli5-way-3bd2b1164a53},
	journal={Medium},
	year={2018},
	month={Dec}
} 

@online{rnnDSmedium,
	title={Recurrent Neural Networks},
	url={https://towardsdatascience.com/recurrent-neural-networks-d4642c9bc7ce},
	journal={Medium},
	year={2019},
	month={Jun}
} 

@online{rnnin6,
	title={Understanding Recurrent Neural Networks in 6 Minutes},
	url={https://medium.com/x8-the-ai-community/understanding-recurrent-neural-networks-in-6-minutes-967ab51b94fe},
	journal={Medium},
	year={2019},
	month={Sep}
} 

@article{mcculloch1943logical,
  title={A logical calculus of the ideas immanent in nervous activity},
  author={McCulloch, Warren S and Pitts, Walter},
  journal={The bulletin of mathematical biophysics},
  volume={5},
  number={4},
  pages={115--133},
  year={1943},
  publisher={Springer},
  ISSN = {0007-4985}
}

@online{mlmastery,
	title={How Do Convolutional Layers Work in Deep Learning Neural Networks?},
	url={https://machinelearningmastery.com/convolutional-layers-for-deep-learning-neural-networks/},
	journal={Machine Learning Mastery},
	year={2020},
	month={April}
} 

@online{ibmrnn,
	title={What are Recurrent Neural Networks?},
	url={https://www.ibm.com/cloud/learn/recurrent-neural-networks},
	journal={IBM}
} 

@online{ffnbrilliant,
	title={Feedforward Neural Networks},
	url={https://brilliant.org/wiki/feedforward-neural-networks/},
	journal={Brilliant Math & Science Wiki}
} 